@article{schlagenhauf2021industrial,
  title={Industrial Machine Tool Component Surface Defect Dataset},
  author={Schlagenhauf, Tobias and Landwehr, Magnus and Fleischer, Juergen},
  journal={arXiv preprint arXiv:2103.13003},
  year={2021},
}

@article{lv2020deep,
  title={Deep metallic surface defect detection: The new benchmark and detection network},
  author={Lv, Xiaoming and Duan, Fajie and Jiang, Jia-jia and Fu, Xiao and Gan, Lin},
  journal={Sensors},
  volume={20},
  number={6},
  pages={1562},
  year={2020},
  publisher={Multidisciplinary Digital Publishing Institute},
}

@inproceedings{mcmahan2017communication,
  title={Communication-efficient learning of deep networks from decentralized data},
  author={McMahan, Brendan and Moore, Eider and Ramage, Daniel and Hampson, Seth and y Arcas, Blaise Aguera},
  booktitle={Artificial intelligence and statistics},
  pages={1273--1282},
  year={2017},
  organization={PMLR},
}

@article{yang2019federated,
  title={Federated machine learning: Concept and applications},
  author={Yang, Qiang and Liu, Yang and Chen, Tianjian and Tong, Yongxin},
  journal={ACM Transactions on Intelligent Systems and Technology (TIST)},
  volume={10},
  number={2},
  pages={1--19},
  year={2019},
  publisher={ACM New York, NY, USA},
}

@article{hanley1982meaning,
  title={The meaning and use of the area under a receiver operating characteristic (ROC) curve.},
  author={Hanley, James A and McNeil, Barbara J},
  journal={Radiology},
  volume={143},
  number={1},
  pages={29--36},
  year={1982},
}

@article{enthoven2021overview,
  title={An Overview of Federated Deep Learning Privacy Attacks and Defensive Strategies},
  author={Enthoven, David and Al-Ars, Zaid},
  journal={Federated Learning Systems},
  pages={173--196},
  year={2021},
  publisher={Springer},
}

@misc{keraschollet2015,
  title={Keras},
  author={Chollet, Fran\c{c}ois and others},
  year={2015},
  howpublished={\url{https://keras.io}},
}

@article{adamkingma2014,
  title={Adam: A method for stochastic optimization},
  author={Kingma, Diederik P and Ba, Jimmy},
  journal={arXiv preprint arXiv:1412.6980},
  year={2014},
}

@misc{tensorflow2015-whitepaper,
title={ {TensorFlow}: Large-Scale Machine Learning on Heterogeneous Systems},
url={https://www.tensorflow.org/},
note={Software available from tensorflow.org},
author={
    Mart\'{\i}n~Abadi and
    Ashish~Agarwal and
    Paul~Barham and
    Eugene~Brevdo and
    Zhifeng~Chen and
    Craig~Citro and
    Greg~S.~Corrado and
    Andy~Davis and
    Jeffrey~Dean and
    Matthieu~Devin and
    Sanjay~Ghemawat and
    Ian~Goodfellow and
    Andrew~Harp and
    Geoffrey~Irving and
    Michael~Isard and
    Yangqing Jia and
    Rafal~Jozefowicz and
    Lukasz~Kaiser and
    Manjunath~Kudlur and
    Josh~Levenberg and
    Dandelion~Man\'{e} and
    Rajat~Monga and
    Sherry~Moore and
    Derek~Murray and
    Chris~Olah and
    Mike~Schuster and
    Jonathon~Shlens and
    Benoit~Steiner and
    Ilya~Sutskever and
    Kunal~Talwar and
    Paul~Tucker and
    Vincent~Vanhoucke and
    Vijay~Vasudevan and
    Fernanda~Vi\'{e}gas and
    Oriol~Vinyals and
    Pete~Warden and
    Martin~Wattenberg and
    Martin~Wicke and
    Yuan~Yu and
    Xiaoqiang~Zheng},
  year={2015},
}

@article{li2020federated,
  title={Federated learning: Challenges, methods, and future directions},
  author={Li, Tian and Sahu, Anit Kumar and Talwalkar, Ameet and Smith, Virginia},
  journal={IEEE Signal Processing Magazine},
  volume={37},
  number={3},
  pages={50--60},
  year={2020},
  publisher={IEEE},
}

@article{konevcny2016federated,
  title={Federated optimization: Distributed machine learning for on-device intelligence},
  author={Kone{\v{c}}n{\`y}, Jakub and McMahan, H Brendan and Ramage, Daniel and Richt{\'a}rik, Peter},
  journal={arXiv preprint arXiv:1610.02527},
  year={2016},
}

@article{sattler2019robust,
  title={Robust and communication-efficient federated learning from non-iid data},
  author={Sattler, Felix and Wiedemann, Simon and M{\"u}ller, Klaus-Robert and Samek, Wojciech},
  journal={IEEE transactions on neural networks and learning systems},
  volume={31},
  number={9},
  pages={3400--3413},
  year={2019},
  publisher={IEEE},
}

@article{bonawitz2019towards,
  title={Towards federated learning at scale: System design},
  author={Bonawitz, Keith and Eichner, Hubert and Grieskamp, Wolfgang and Huba, Dzmitry and Ingerman, Alex and Ivanov, Vladimir and Kiddon, Chloe and Kone{\v{c}}n{\`y}, Jakub and Mazzocchi, Stefano and McMahan, H Brendan and others},
  journal={arXiv preprint arXiv:1902.01046},
  year={2019},
}

@article{lukacs2005economic,
  title={The economic role of SMEs in world economy, especially in Europe},
  author={Luk{\'a}cs, Edit and others},
  journal={European integration studies},
  volume={4},
  number={1},
  pages={3--12},
  year={2005},
  publisher={Miskolci Egyetem},
}

@misc{bmwi2020mittelstand,
    Author = {{Federal Ministry for Economic Affaires and Energy}},
    Title   = {{The German Mittelstand as a model for success}},
    Howpublished = {\url{https://www.bmwi.de/Redaktion/EN/Dossier/sme-policy.html}},
    Note  = {last accessed: 2021-09-18},
    Year = {2021},
}

@misc{eco2021kmu,
  title   = {{Technischer Service 4.0 - der Service der Zukunft}},
  author  = {Jopp, Fred and Timmermann, Hauke and Neubauer, Christine and Weiss, Andreas},
  howpublished = {\url{https://www.eco.de/news/technischer-service-4-0-der-service-der-zukunft/}},
  note  = {last accessed: 2021-09-18},
  publisher = {Association of the internet industry},
  year = {2021},
}

@inproceedings{bonawitz2017practical,
  title={Practical secure aggregation for privacy-preserving machine learning},
  author={Bonawitz, Keith and Ivanov, Vladimir and Kreuter, Ben and Marcedone, Antonio and McMahan, H Brendan and Patel, Sarvar and Ramage, Daniel and Segal, Aaron and Seth, Karn},
  booktitle={proceedings of the 2017 ACM SIGSAC Conference on Computer and Communications Security},
  pages={1175--1191},
  year={2017},
}

@article{smith2017federated,
  title={Federated multi-task learning},
  author={Smith, Virginia and Chiang, Chao-Kai and Sanjabi, Maziar and Talwalkar, Ameet},
  journal={arXiv preprint arXiv:1705.10467},
  year={2017},
}

@article{hard2018federated,
  title={Federated learning for mobile keyboard prediction},
  author={Hard, Andrew and Rao, Kanishka and Mathews, Rajiv and Ramaswamy, Swaroop and Beaufays, Fran{\c{c}}oise and Augenstein, Sean and Eichner, Hubert and Kiddon, Chlo{\'e} and Ramage, Daniel},
  journal={arXiv preprint arXiv:1811.03604},
  year={2018},
}

@article{sun2019can,
  title={Can you really backdoor federated learning?},
  author={Sun, Ziteng and Kairouz, Peter and Suresh, Ananda Theertha and McMahan, H Brendan},
  journal={arXiv preprint arXiv:1911.07963},
  year={2019},
}

@article{naseri2020toward,
  title={Toward robustness and privacy in federated learning: Experimenting with local and central differential privacy},
  author={Naseri, Mohammad and Hayes, Jamie and De Cristofaro, Emiliano},
  journal={arXiv preprint arXiv:2009.03561},
  year={2020},
}

@article{ma2020safeguarding,
  title={On safeguarding privacy and security in the framework of federated learning},
  author={Ma, Chuan and Li, Jun and Ding, Ming and Yang, Howard H and Shu, Feng and Quek, Tony QS and Poor, H Vincent},
  journal={IEEE network},
  volume={34},
  number={4},
  pages={242--248},
  year={2020},
  publisher={IEEE},
}

@article{lyu2020privacy,
  title={Privacy and robustness in federated learning: Attacks and defenses},
  author={Lyu, Lingjuan and Yu, Han and Ma, Xingjun and Sun, Lichao and Zhao, Jun and Yang, Qiang and Yu, Philip S},
  journal={arXiv preprint arXiv:2012.06337},
  year={2020},
}

@article{geiping2020inverting,
  title={Inverting Gradients--How easy is it to break privacy in federated learning?},
  author={Geiping, Jonas and Bauermeister, Hartmut and Dr{\"o}ge, Hannah and Moeller, Michael},
  journal={arXiv preprint arXiv:2003.14053},
  year={2020},
}

@article{caldas2018leaf,
  title={Leaf: A benchmark for federated settings},
  author={Caldas, Sebastian and Duddu, Sai Meher Karthik and Wu, Peter and Li, Tian and Kone{\v{c}}n{\`y}, Jakub and McMahan, H Brendan and Smith, Virginia and Talwalkar, Ameet},
  journal={arXiv preprint arXiv:1812.01097},
  year={2018},
}

@inproceedings{wang2019mGANAI,
  title={Beyond inferring class representatives: User-level privacy leakage from federated learning},
  author={Wang, Zhibo and Song, Mengkai and Zhang, Zhifei and Song, Yang and Wang, Qian and Qi, Hairong},
  booktitle={IEEE INFOCOM 2019-IEEE Conference on Computer Communications},
  pages={2512--2520},
  year={2019},
  organization={IEEE},
}


@misc{hbr2021midsizeAI,
  title   = {How Midsize Companies Can Compete in AI},
  author  = {Bammens, Yannick and HÃ¼nermund, Paul},
  howpublished = {\url{https://hbr.org/2021/09/how-midsize-companies-can-compete-in-ai}},
  note  = {last accessed: 2021-09-28},
  year = {2021},
}

@article{sannai2018relureconstruction,
  title={Reconstruction of training samples from loss functions},
  author={Sannai, Akiyoshi},
  journal={arXiv preprint arXiv:1805.07337},
  year={2018},
}

@inproceedings{aono2017privacyfirstdenselayer,
  title={Privacy-preserving deep learning: Revisited and enhanced},
  author={Aono, Yoshinori and Hayashi, Takuya and Wang, Lihua and Moriai, Shiho and others},
  booktitle={International Conference on Applications and Techniques in Information Security},
  pages={100--110},
  year={2017},
  organization={Springer},
}

@incollection{zhu2020deepDLG,
  title={Deep leakage from gradients},
  author={Zhu, Ligeng and Han, Song},
  booktitle={Federated learning},
  pages={17--31},
  year={2020},
  publisher={Springer},
}

@article{zhao2020iDLG,
  title={idlg: Improved deep leakage from gradients},
  author={Zhao, Bo and Mopuri, Konda Reddy and Bilen, Hakan},
  journal={arXiv preprint arXiv:2001.02610},
  year={2020},
}

@inproceedings{fredrikson2014privacyMIA,
  title={Privacy in pharmacogenetics: An end-to-end case study of personalized warfarin dosing},
  author={Fredrikson, Matthew and Lantz, Eric and Jha, Somesh and Lin, Simon and Page, David and Ristenpart, Thomas},
  booktitle={23rd {USENIX} Security Symposium},
  pages={17--32},
  year={2014}
}

@inproceedings{hitaj2017deepGAN,
  title={Deep models under the GAN: information leakage from collaborative deep learning},
  author={Hitaj, Briland and Ateniese, Giuseppe and Perez-Cruz, Fernando},
  booktitle={Proceedings of the 2017 ACM SIGSAC Conference on Computer and Communications Security},
  pages={603--618},
  year={2017},
}

@article{beutel2020flower,
  title={Flower: A Friendly Federated Learning Research Framework},
  author={Beutel, Daniel J and Topal, Taner and Mathur, Akhil and Qiu, Xinchi and Parcollet, Titouan and Lane, Nicholas D},
  journal={arXiv preprint arXiv:2007.14390},
  year={2020},
}

@misc{europeancommission2020AI,
    title={European enterprise survey on the use of technologies based on artificial intelligence},
    author={{European Commission}},
    year={2020},
    publisher={Luxembourg, Publications Office of the European Union},
    isbn={978-92-76-20116-8},
    howpublished={\url{https://www.ipsos.com/sites/default/files/ct/publication/documents/2020-09/european-enterprise-survey-and-ai-executive-summary.pdf}},
    note={last accessed: 2021-10-21},
}

@article{lecun1995convolutional,
  title={Convolutional networks for images, speech, and time series},
  author={LeCun, Yann and Bengio, Yoshua and others},
  journal={The handbook of brain theory and neural networks},
  volume={3361},
  number={10},
  pages={1995},
  year={1995}
}

@article{krizhevsky2012imagenet,
  title={Imagenet classification with deep convolutional neural networks},
  author={Krizhevsky, Alex and Sutskever, Ilya and Hinton, Geoffrey E},
  journal={Advances in neural information processing systems},
  volume={25},
  pages={1097--1105},
  year={2012}
}

@article{lecun2010mnist,
  title={MNIST handwritten digit database},
  author={LeCun, Yann and Cortes, Corinna and Burges, CJ},
  journal={ATT Labs [Online]. Available: http://yann.lecun.com/exdb/mnist},
  volume={2},
  year={2010}
}
