@book{buschmann1998,
	title={Pattern-orientierte Software-Architektur: ein Pattern-System},
	author={Buschmann, F.},
	isbn={9783827312822},
	series={Professionelle Softwareentwicklung},
	year={1998},
	publisher={Addison-Wesley}
}

@book{cardoso2015fundamentals,
	title={Fundamentals of Service Systems},
	author={Cardoso, J. and Fromm, H. and Nickel, S. and Satzger, G. and Studer, R. and Weinhardt, C.},
	isbn={9783319231952},
	series={Service Science: Research and Innovations in the Service Economy},
	year={2015},
	publisher={Springer International Publishing}
}

@webpage{Twitter2016,
	Author = {Twitter},
	Date-Modified = {2016-10-15 12:41:48 +0000},
	Title = {{About Twitter}},
	Howpublished = {\url{https://about.twitter.com/de/company/press/milestones}},
	Note = {last accessed: 2016-08-02},
	Year = {2016}
}
